@article{marcos2022,
  author    = {Marcos, M. Á.},
  title     = {Preliminary Evidence of Surviving Competition: Neighborhood Shops vs. Convenience Chains},
  journal   = {Cuadernos de Economía},
  year      = {2022},
  doi       = {10.18235/0004453}
}
@techreport{delgado2024,
  author    = {Delgado, L. and Otero, A. and Calderón, A.},
  title     = {The impact of hard discount stores on local labor markets: evidence from Colombia},
  institution = {Centro De Estudios Económicos Regionales - Cartagena},
  year      = {2024},
  number    = {326},
  url       = {https://www.banrep.gov.co/en/documentos-trabajo-sobre-economia-regional-urbana-impact-hard-discount-stores-local-labor-markets}
}
@article{m_2025,
  author  = {M, J. R.},
  title   = {Oxxo llegó a su apertura 600 en Colombia: ¿cuántas tiendas abre en el año?},
  journal = {Portafolio.co},
  year    = {2025},
  month   = {mar},
  url     = {https://www.portafolio.co/negocios/empresas/oxxo-llega-a-las-600-tiendas-en-colombia-626124}
}
@article{basker2005,
  author  = {Basker, E.},
  title   = {Job creation or Destruction? Labor market effects of Wal-Mart expansion},
  journal = {The Review of Economics and Statistics},
  volume  = {87},
  number  = {1},
  pages   = {174--183},
  year    = {2005},
  doi     = {10.1162/0034653053327568}
}
@article{cho2015,
  author  = {Cho, J. and Chun, H. and Lee, Y.},
  title   = {How does the entry of large discount stores increase retail employment? Evidence from Korea},
  journal = {Journal of Comparative Economics},
  volume  = {43},
  number  = {3},
  pages   = {559--574},
  year    = {2015},
  doi     = {10.1016/j.jce.2015.04.004}
}
@online{godoy2025,
  author = {Godoy, M. C. P.},
  title = {Tiendas Oxxo abre su local número 600 en Colombia},
  date = {2025-03-17},
  url = {https://www.valoraanalitik.com/tiendas-oxxo-abre-su-local-numero-600-en-colombia/},
  journal = {Valora Analitik}
}
@techreport{smith_stelcner_1990,
  author      = {Smith, J. Barry and Stelcner, Morton},
  title       = {Modeling economic behavior in Peru's informal urban retail sector},
  institution = {World Bank Group},
  year        = {1990}, % The original publication date of this report is 1990.
  series      = {Policy, Research, and External Affairs working papers},
  number      = {WPS 469},
  url         = {http://documents.worldbank.org/curated/en/862321468776400510}
}
@article{ligthelm2005,
  author  = {Ligthelm, A.},
  title   = {Informal retailing through home-based micro-enterprises: The role of spaza shops},
  journal = {Development Southern Africa},
  volume  = {22},
  number  = {2},
  pages   = {199--214},
  year    = {2005},
  doi     = {10.1080/03768350500163030}
}
@article{mishra2022,
  author  = {Mishra, A.},
  title   = {What Sustains Informality? A Study of the Interactions between Formal and Informal Sector Firms},
  journal = {The Journal of Development Studies},
  volume  = {58},
  number  = {7},
  pages   = {1403--1415},
  year    = {2022},
  doi     = {10.1080/00220388.2022.2061853}
}
